timestamp,power_a,direction_a,tbd,direction_b,power_b,energy_forword_a,energy_reverse_a,energy_forword_b,energy_reserse_b,power_factor,freq,voltage_a,current_a,current_b,total_power,voltage_coef,current_a_calibration,power_a_calibration,energy_a_calibration_fwd,coef_a_reset,power_factor_b,freq_calibration,current_b_calibration,power_b_calibration,energy_b_calibration_fwd,coef_b_reset,energy_a_calibration_rev,energy_b_calibration_rev,report_rate_control,forward_energy_total,reverse_energy_total
2026-04-30 14:09:56,11024,FORWARD,False,FORWARD,11641,2327,0,2651,0,99,5901,1142,9697,10248,22665,1000,1000,1000,1000,False,99,1000,1000,1000,1000,False,1000,1000,10,4978,0
2026-04-30 14:45:04,6169,FORWARD,False,FORWARD,6986,2390,0,2717,0,99,5899,1163,5335,6079,13155,1000,1000,1000,1000,False,98,1000,1000,1000,1000,False,1000,1000,10,5107,0
2026-04-30 15:41:58,5924,FORWARD,False,FORWARD,6206,2449,0,2783,0,99,5896,1139,5238,5522,12130,1000,1000,1000,1000,False,98,1000,1000,1000,1000,False,1000,1000,10,5232,0
2026-04-30 16:36:24,6039,FORWARD,False,FORWARD,7077,2505,0,2844,0,99,5893,1152,5279,6227,13116,1000,1000,1000,1000,False,98,1000,1000,1000,1000,False,1000,1000,10,5349,0
2026-04-30 17:33:24,11069,FORWARD,False,FORWARD,11514,2601,0,2935,0,99,5895,1157,9612,9997,22583,1000,1000,1000,1000,False,99,1000,1000,1000,1000,False,1000,1000,10,5536,0
2026-04-30 19:24:38,10437,FORWARD,False,FORWARD,11809,2763,0,3098,0,99,5896,1147,9151,10341,22246,1000,1000,1000,1000,False,99,1000,1000,1000,1000,False,1000,1000,10,5861,0
2026-04-30 23:04:16,11949,FORWARD,False,FORWARD,11908,3197,0,3525,0,99,5898,1192,10046,10062,23857,1000,1000,1000,1000,False,99,1000,1000,1000,1000,False,1000,1000,10,6722,0
2026-05-01 01:33:57,12312,FORWARD,False,FORWARD,12484,3451,0,3797,0,99,5902,1213,10238,10481,24796,1000,1000,1000,1000,False,98,1000,1000,1000,1000,False,1000,1000,10,7248,0
2026-05-01 03:19:04,11284,FORWARD,False,FORWARD,12293,3618,0,3969,0,98,5901,1218,9370,10311,23577,1000,1000,1000,1000,False,97,1000,1000,1000,1000,False,1000,1000,10,7587,0
2026-05-01 04:48:50,1206,FORWARD,False,FORWARD,1667,3746,0,4102,0,88,5899,1243,1091,1460,2873,1000,1000,1000,1000,False,91,1000,1000,1000,1000,False,1000,1000,10,7848,0
2026-05-01 05:46:54,6066,FORWARD,False,FORWARD,6280,3793,0,4156,0,98,5899,1234,5005,5257,12346,1000,1000,1000,1000,False,96,1000,1000,1000,1000,False,1000,1000,10,7949,0
2026-05-01 06:44:29,5928,FORWARD,False,FORWARD,6761,3844,0,4208,0,97,5898,1230,4917,5777,12689,1000,1000,1000,1000,False,95,1000,1000,1000,1000,False,1000,1000,10,8052,0
2026-05-01 08:08:48,1194,FORWARD,False,FORWARD,1690,3895,0,4264,0,88,5899,1234,1091,1480,2884,1000,1000,1000,1000,False,92,1000,1000,1000,1000,False,1000,1000,10,8159,0
2026-05-01 09:14:33,6585,FORWARD,False,FORWARD,6684,3915,0,4290,0,98,5901,1237,5380,5572,13269,1000,1000,1000,1000,False,96,1000,1000,1000,1000,False,1000,1000,10,8205,0
2026-05-01 10:12:16,6633,FORWARD,False,FORWARD,6687,3971,0,4338,0,98,5899,1246,5391,5522,13320,1000,1000,1000,1000,False,97,1000,1000,1000,1000,False,1000,1000,10,8309,0
2026-05-01 11:14:37,11725,FORWARD,False,FORWARD,11959,4030,0,4399,0,98,5901,1227,9683,9916,23684,1000,1000,1000,1000,False,98,1000,1000,1000,1000,False,1000,1000,10,8429,0
2026-05-01 12:13:29,1737,FORWARD,False,FORWARD,2630,4122,0,4494,0,92,5899,1254,1492,2332,4367,1000,1000,1000,1000,False,89,1000,1000,1000,1000,False,1000,1000,10,8616,0
2026-05-01 13:40:37,7991,FORWARD,False,FORWARD,6713,4260,0,4633,0,98,5901,1266,6398,5571,14704,1000,1000,1000,1000,False,95,1000,1000,1000,1000,False,1000,1000,10,8893,0
2026-05-01 14:33:32,11610,FORWARD,False,FORWARD,14848,4351,0,4719,0,99,5898,1221,9601,12298,26458,1000,1000,1000,1000,False,98,1000,1000,1000,1000,False,1000,1000,10,9070,0
2026-05-01 15:30:38,6175,FORWARD,False,FORWARD,6621,4413,0,4787,0,98,5895,1205,5216,5630,12796,1000,1000,1000,1000,False,97,1000,1000,1000,1000,False,1000,1000,10,9200,0
2026-05-01 16:27:58,6243,FORWARD,False,FORWARD,6830,4497,0,4878,0,98,5896,1215,5226,5754,13073,1000,1000,1000,1000,False,97,1000,1000,1000,1000,False,1000,1000,10,9375,0
2026-05-01 17:28:19,1468,FORWARD,False,FORWARD,1965,4538,0,4945,0,87,5898,1222,1377,1778,3433,1000,1000,1000,1000,False,90,1000,1000,1000,1000,False,1000,1000,10,9483,0
2026-05-01 19:12:29,1460,FORWARD,False,FORWARD,1435,4621,0,5036,0,85,5898,1222,1398,1334,2895,1000,1000,1000,1000,False,87,1000,1000,1000,1000,False,1000,1000,10,9657,0
2026-05-01 22:28:12,2555,FORWARD,False,FORWARD,1373,4678,0,5086,0,90,5899,1248,2254,1253,3928,1000,1000,1000,1000,False,87,1000,1000,1000,1000,False,1000,1000,10,9764,0
2026-05-02 00:26:15,7109,FORWARD,False,FORWARD,6696,4757,0,5156,0,99,5899,1233,5823,5619,13805,1000,1000,1000,1000,False,96,1000,1000,1000,1000,False,1000,1000,10,9913,0
2026-05-02 02:07:19,2203,FORWARD,False,FORWARD,1726,4827,0,5222,0,93,5899,1261,1862,1557,3929,1000,1000,1000,1000,False,87,1000,1000,1000,1000,False,1000,1000,10,10049,0
2026-05-02 03:19:33,1534,FORWARD,False,FORWARD,2005,4890,0,5286,0,93,5896,1274,1290,1893,3539,1000,1000,1000,1000,False,83,1000,1000,1000,1000,False,1000,1000,10,10176,0
2026-05-02 04:14:09,1547,FORWARD,False,FORWARD,1280,4945,0,5339,0,93,5899,1276,1298,1199,2827,1000,1000,1000,1000,False,83,1000,1000,1000,1000,False,1000,1000,10,10284,0
2026-05-02 05:08:22,6039,FORWARD,False,FORWARD,6412,4991,0,5384,0,96,5896,1265,4971,5590,12451,1000,1000,1000,1000,False,90,1000,1000,1000,1000,False,1000,1000,10,10375,0
2026-05-02 05:56:57,1546,FORWARD,False,FORWARD,1238,5027,0,5420,0,92,5898,1277,1306,1166,2784,1000,1000,1000,1000,False,83,1000,1000,1000,1000,False,1000,1000,10,10447,0
2026-05-02 07:15:06,1486,FORWARD,False,FORWARD,2133,5067,0,5458,0,91,5895,1273,1269,1944,3619,1000,1000,1000,1000,False,86,1000,1000,1000,1000,False,1000,1000,10,10525,0
2026-05-02 08:15:48,1478,FORWARD,False,FORWARD,1508,5090,0,5487,0,91,5896,1273,1270,1371,2986,1000,1000,1000,1000,False,86,1000,1000,1000,1000,False,1000,1000,10,10577,0
2026-05-02 09:07:57,1397,FORWARD,False,FORWARD,1886,5111,0,5510,0,92,5898,1263,1201,1812,3283,1000,1000,1000,1000,False,82,1000,1000,1000,1000,False,1000,1000,10,10621,0
2026-05-02 09:59:39,6199,FORWARD,False,FORWARD,6162,5129,0,5530,0,97,5899,1262,5048,5195,12361,1000,1000,1000,1000,False,93,1000,1000,1000,1000,False,1000,1000,10,10659,0
2026-05-02 11:00:16,5250,FORWARD,False,FORWARD,6996,5151,0,5555,0,93,5899,1270,4399,5987,12246,1000,1000,1000,1000,False,91,1000,1000,1000,1000,False,1000,1000,10,10706,0
2026-05-02 11:53:48,1560,FORWARD,False,FORWARD,2224,5168,0,5597,0,93,5898,1278,1301,2036,3784,1000,1000,1000,1000,False,85,1000,1000,1000,1000,False,1000,1000,10,10765,0
2026-05-02 12:45:43,6594,FORWARD,False,FORWARD,6948,5196,0,5626,0,95,5896,1285,5355,5912,13542,1000,1000,1000,1000,False,91,1000,1000,1000,1000,False,1000,1000,10,10822,0
2026-05-02 13:43:53,1523,FORWARD,False,FORWARD,1574,5228,0,5657,0,91,5895,1247,1342,1445,3097,1000,1000,1000,1000,False,87,1000,1000,1000,1000,False,1000,1000,10,10885,0
2026-05-02 14:26:15,1017,FORWARD,False,FORWARD,2036,5251,0,5670,0,84,5895,1263,952,1797,3053,1000,1000,1000,1000,False,89,1000,1000,1000,1000,False,1000,1000,10,10921,0
2026-05-02 15:08:19,584,FORWARD,False,FORWARD,1541,5258,0,5681,0,68,5895,1264,677,1284,2125,1000,1000,1000,1000,False,94,1000,1000,1000,1000,False,1000,1000,10,10939,0
2026-05-02 15:57:36,738,FORWARD,False,FORWARD,0,5264,0,5694,0,67,5895,1247,876,0,738,1000,1000,1000,1000,False,100,1000,1000,1000,1000,False,1000,1000,10,10958,0
2026-05-02 16:47:20,596,FORWARD,False,FORWARD,966,5270,0,5707,0,68,5893,1246,697,894,1562,1000,1000,1000,1000,False,86,1000,1000,1000,1000,False,1000,1000,10,10977,0
2026-05-02 17:30:26,665,FORWARD,False,FORWARD,979,5274,0,5714,0,70,5898,1256,751,898,1644,1000,1000,1000,1000,False,86,1000,1000,1000,1000,False,1000,1000,10,10988,0
2026-05-02 18:11:10,1639,FORWARD,False,FORWARD,1523,5283,0,5723,0,87,5901,1255,1498,1499,3162,1000,1000,1000,1000,False,80,1000,1000,1000,1000,False,1000,1000,10,11006,0
2026-05-02 22:11:41,1403,FORWARD,False,FORWARD,1657,5342,0,5776,0,88,5898,1268,1256,1559,3060,1000,1000,1000,1000,False,83,1000,1000,1000,1000,False,1000,1000,10,11118,0
2026-05-03 00:40:56,1736,FORWARD,False,FORWARD,1803,5409,0,5851,0,87,5898,1274,1556,1631,3539,1000,1000,1000,1000,False,86,1000,1000,1000,1000,False,1000,1000,10,11260,0
2026-05-03 02:25:54,6189,FORWARD,False,FORWARD,6406,5455,0,5904,0,94,5893,1271,5126,5479,12595,1000,1000,1000,1000,False,91,1000,1000,1000,1000,False,1000,1000,10,11359,0
2026-05-03 03:47:35,1395,FORWARD,False,FORWARD,1343,5532,0,5985,0,95,5893,1282,1140,1235,2738,1000,1000,1000,1000,False,84,1000,1000,1000,1000,False,1000,1000,10,11517,0
2026-05-03 04:40:23,6062,FORWARD,False,FORWARD,5825,5569,0,6020,0,95,5898,1265,5010,5026,11887,1000,1000,1000,1000,False,91,1000,1000,1000,1000,False,1000,1000,10,11589,0
2026-05-03 05:27:16,6281,FORWARD,False,FORWARD,6076,5604,0,6056,0,97,5901,1266,5103,5130,12357,1000,1000,1000,1000,False,93,1000,1000,1000,1000,False,1000,1000,10,11660,0
2026-05-03 06:07:08,10788,FORWARD,False,FORWARD,10552,5629,0,6079,0,95,5895,1265,8918,9053,21340,1000,1000,1000,1000,False,93,1000,1000,1000,1000,False,1000,1000,10,11708,0
2026-05-03 07:45:40,5848,FORWARD,False,FORWARD,5443,5675,0,6123,0,94,5896,1272,4836,4747,11291,1000,1000,1000,1000,False,89,1000,1000,1000,1000,False,1000,1000,10,11798,0
2026-05-03 08:36:50,1324,FORWARD,False,FORWARD,1007,5694,0,6140,0,92,5893,1274,1121,980,2331,1000,1000,1000,1000,False,80,1000,1000,1000,1000,False,1000,1000,10,11834,0
2026-05-03 09:27:53,5000,FORWARD,False,FORWARD,6016,5708,0,6161,0,91,5893,1273,4302,5175,11016,1000,1000,1000,1000,False,91,1000,1000,1000,1000,False,1000,1000,10,11869,0
2026-05-03 10:10:22,5217,FORWARD,False,FORWARD,6185,5718,0,6178,0,91,5898,1282,4424,5264,11402,1000,1000,1000,1000,False,91,1000,1000,1000,1000,False,1000,1000,10,11896,0
2026-05-03 11:07:38,5501,FORWARD,False,FORWARD,6723,5732,0,6201,0,94,5898,1269,4572,5760,12224,1000,1000,1000,1000,False,91,1000,1000,1000,1000,False,1000,1000,10,11933,0
2026-05-03 12:00:43,596,FORWARD,False,FORWARD,1238,5754,0,6239,0,74,5896,1295,619,1163,1834,1000,1000,1000,1000,False,82,1000,1000,1000,1000,False,1000,1000,10,11993,0
2026-05-03 13:12:47,509,FORWARD,False,FORWARD,1617,5789,0,6265,0,65,5899,1294,598,1364,2126,1000,1000,1000,1000,False,91,1000,1000,1000,1000,False,1000,1000,10,12054,0
2026-05-03 14:00:35,615,FORWARD,False,FORWARD,1680,5795,0,6278,0,65,5895,1291,726,1413,2295,1000,1000,1000,1000,False,91,1000,1000,1000,1000,False,1000,1000,10,12073,0
2026-05-03 14:56:41,7138,FORWARD,False,FORWARD,7150,5826,0,6320,0,97,5893,1283,5681,5998,14288,1000,1000,1000,1000,False,92,1000,1000,1000,1000,False,1000,1000,10,12146,0
2026-05-03 15:42:22,6091,FORWARD,False,FORWARD,6725,5878,0,6370,0,95,5896,1281,4969,5558,12816,1000,1000,1000,1000,False,94,1000,1000,1000,1000,False,1000,1000,10,12248,0
2026-05-03 16:24:46,22469,FORWARD,False,FORWARD,6621,5932,0,6420,0,95,5893,1299,18163,5397,28991,1000,1000,1000,1000,False,94,1000,1000,1000,1000,False,1000,1000,10,12352,0
2026-05-03 17:09:56,6330,FORWARD,False,FORWARD,6157,5990,0,6470,0,96,5899,1260,5203,5162,12476,1000,1000,1000,1000,False,94,1000,1000,1000,1000,False,1000,1000,10,12460,0
2026-05-03 18:02:45,6174,FORWARD,False,FORWARD,6280,6042,0,6520,0,97,5896,1253,5075,5256,12454,1000,1000,1000,1000,False,95,1000,1000,1000,1000,False,1000,1000,10,12562,0
2026-05-03 22:03:01,5897,FORWARD,False,FORWARD,7276,6141,0,6631,0,97,5893,1239,4877,6119,13173,1000,1000,1000,1000,False,95,1000,1000,1000,1000,False,1000,1000,10,12772,0
2026-05-04 00:49:21,1982,FORWARD,False,FORWARD,1963,6315,0,6826,0,96,5898,1261,1633,1765,3945,1000,1000,1000,1000,False,88,1000,1000,1000,1000,False,1000,1000,10,13141,0
2026-05-04 03:09:05,6704,FORWARD,False,FORWARD,7156,6412,0,6927,0,97,5898,1264,5437,6069,13860,1000,1000,1000,1000,False,93,1000,1000,1000,1000,False,1000,1000,10,13339,0
2026-05-04 05:17:05,996,FORWARD,False,FORWARD,1299,6474,0,6991,0,88,5898,1270,890,1221,2295,1000,1000,1000,1000,False,83,1000,1000,1000,1000,False,1000,1000,10,13465,0
2026-05-04 06:59:14,5422,FORWARD,False,FORWARD,5838,6513,0,7039,0,96,5898,1255,4470,4931,11260,1000,1000,1000,1000,False,94,1000,1000,1000,1000,False,1000,1000,10,13552,0
2026-05-04 09:12:55,682,FORWARD,False,FORWARD,1464,6537,0,7082,0,77,5896,1259,700,1349,2146,1000,1000,1000,1000,False,86,1000,1000,1000,1000,False,1000,1000,10,13619,0
2026-05-04 11:02:39,5827,FORWARD,False,FORWARD,7082,6550,0,7113,0,97,5896,1262,4723,5770,12909,1000,1000,1000,1000,False,97,1000,1000,1000,1000,False,1000,1000,10,13663,0
2026-05-04 12:25:24,526,FORWARD,False,FORWARD,1893,6579,0,7163,0,75,5901,1272,547,1628,2419,1000,1000,1000,1000,False,91,1000,1000,1000,1000,False,1000,1000,10,13742,0
2026-05-04 14:02:04,493,FORWARD,False,FORWARD,2294,6667,0,7284,0,73,5901,1256,536,2029,2787,1000,1000,1000,1000,False,89,1000,1000,1000,1000,False,1000,1000,10,13951,0
2026-05-04 15:16:51,11078,FORWARD,False,FORWARD,12616,6731,0,7366,0,98,5895,1206,9295,10577,23694,1000,1000,1000,1000,False,98,1000,1000,1000,1000,False,1000,1000,10,14097,0
2026-05-04 16:16:47,11967,FORWARD,False,FORWARD,12337,6830,0,7476,0,99,5898,1204,9984,10331,24304,1000,1000,1000,1000,False,99,1000,1000,1000,1000,False,1000,1000,10,14306,0
2026-05-04 17:13:25,5881,FORWARD,False,FORWARD,7760,6913,0,7566,0,98,5898,1198,4971,6619,13641,1000,1000,1000,1000,False,97,1000,1000,1000,1000,False,1000,1000,10,14479,0
2026-05-04 18:10:00,5602,FORWARD,False,FORWARD,6491,6980,0,7645,0,98,5895,1197,4743,5520,12093,1000,1000,1000,1000,False,98,1000,1000,1000,1000,False,1000,1000,10,14625,0
2026-05-04 21:49:49,5566,FORWARD,False,FORWARD,7315,7299,0,8029,0,97,5896,1219,4684,6140,12881,1000,1000,1000,1000,False,97,1000,1000,1000,1000,False,1000,1000,10,15328,0
2026-05-05 00:07:51,6546,FORWARD,False,FORWARD,6522,7466,0,8225,0,97,5899,1242,5379,5493,13068,1000,1000,1000,1000,False,95,1000,1000,1000,1000,False,1000,1000,10,15691,0
2026-05-05 02:26:36,1154,FORWARD,False,FORWARD,2294,7623,0,8387,0,84,5899,1271,1073,2126,3448,1000,1000,1000,1000,False,84,1000,1000,1000,1000,False,1000,1000,10,16010,0
2026-05-05 04:17:33,5759,FORWARD,False,FORWARD,6784,7737,0,8512,0,95,5899,1245,4828,5885,12543,1000,1000,1000,1000,False,92,1000,1000,1000,1000,False,1000,1000,10,16249,0
2026-05-05 05:42:40,1604,FORWARD,False,FORWARD,2022,7819,0,8602,0,89,5901,1256,1420,1755,3624,1000,1000,1000,1000,False,91,1000,1000,1000,1000,False,1000,1000,10,16421,0
2026-05-05 06:57:15,5775,FORWARD,False,FORWARD,6205,7887,0,8678,0,96,5896,1247,4782,5250,11980,1000,1000,1000,1000,False,94,1000,1000,1000,1000,False,1000,1000,10,16565,0
2026-05-05 10:55:03,11296,FORWARD,False,FORWARD,12167,7958,0,8771,0,99,5899,1224,9301,10077,23463,1000,1000,1000,1000,False,98,1000,1000,1000,1000,False,1000,1000,10,16729,0
2026-05-05 12:07:58,15321,FORWARD,False,FORWARD,12822,8125,0,8925,0,96,5896,1236,12815,10552,28143,1000,1000,1000,1000,False,98,1000,1000,1000,1000,False,1000,1000,10,17050,0
2026-05-05 13:51:42,5719,FORWARD,False,FORWARD,7171,8251,0,9058,0,98,5899,1219,4773,6087,12890,1000,1000,1000,1000,False,96,1000,1000,1000,1000,False,1000,1000,10,17309,0
2026-05-05 14:49:20,11993,FORWARD,False,FORWARD,12690,8346,0,9160,0,99,5896,1199,10087,10691,24683,1000,1000,1000,1000,False,98,1000,1000,1000,1000,False,1000,1000,10,17506,0
2026-05-05 15:47:14,11772,FORWARD,False,FORWARD,13175,8460,0,9288,0,99,5899,1185,9958,11152,24947,1000,1000,1000,1000,False,99,1000,1000,1000,1000,False,1000,1000,10,17748,0
2026-05-05 16:41:24,12526,FORWARD,False,FORWARD,13593,8566,0,9405,0,99,5901,1184,10642,11548,26119,1000,1000,1000,1000,False,99,1000,1000,1000,1000,False,1000,1000,10,17971,0
2026-05-05 17:32:59,12452,FORWARD,False,FORWARD,12451,8671,0,9519,0,99,5898,1156,10835,10826,24903,1000,1000,1000,1000,False,99,1000,1000,1000,1000,False,1000,1000,10,18190,0
2026-05-05 19:14:39,12961,FORWARD,False,FORWARD,7295,8802,0,9645,0,97,5895,1172,11290,6291,20256,1000,1000,1000,1000,False,98,1000,1000,1000,1000,False,1000,1000,10,18447,0
2026-05-05 22:45:30,6209,FORWARD,False,FORWARD,7051,9021,0,9879,0,99,5902,1210,5178,5905,13260,1000,1000,1000,1000,False,98,1000,1000,1000,1000,False,1000,1000,10,18900,0
2026-05-06 01:26:49,6254,FORWARD,False,FORWARD,8038,9188,0,10076,0,98,5899,1226,5173,6744,14292,1000,1000,1000,1000,False,97,1000,1000,1000,1000,False,1000,1000,10,19264,0
2026-05-06 03:43:04,6088,FORWARD,False,FORWARD,6507,9318,0,10223,0,98,5901,1233,5025,5470,12595,1000,1000,1000,1000,False,96,1000,1000,1000,1000,False,1000,1000,10,19541,0
2026-05-06 05:30:30,1793,FORWARD,False,FORWARD,2124,9415,0,10328,0,93,5899,1246,1536,1881,3917,1000,1000,1000,1000,False,90,1000,1000,1000,1000,False,1000,1000,10,19743,0
2026-05-06 07:17:54,6090,FORWARD,False,FORWARD,6128,9507,0,10426,0,98,5896,1230,5011,5135,12218,1000,1000,1000,1000,False,96,1000,1000,1000,1000,False,1000,1000,10,19933,0
2026-05-06 09:38:45,6814,FORWARD,False,FORWARD,7068,9625,0,10553,0,99,5899,1215,5641,5907,13882,1000,1000,1000,1000,False,98,1000,1000,1000,1000,False,1000,1000,10,20178,0
2026-05-06 11:12:23,573,FORWARD,False,FORWARD,17556,9711,0,10663,0,63,5893,1190,760,14823,18129,1000,1000,1000,1000,False,99,1000,1000,1000,1000,False,1000,1000,10,20374,0
2026-05-06 13:00:02,12256,FORWARD,False,FORWARD,13141,9823,0,10852,0,99,5896,1207,10203,10960,25397,1000,1000,1000,1000,False,99,1000,1000,1000,1000,False,1000,1000,10,20675,0
