timestamp,power_a,direction_a,tbd,direction_b,power_b,energy_forword_a,energy_reverse_a,energy_forword_b,energy_reserse_b,power_factor,freq,voltage_a,current_a,current_b,total_power,voltage_coef,current_a_calibration,power_a_calibration,energy_a_calibration_fwd,coef_a_reset,power_factor_b,freq_calibration,current_b_calibration,power_b_calibration,energy_b_calibration_fwd,coef_b_reset,energy_a_calibration_rev,energy_b_calibration_rev,report_rate_control,forward_energy_total,reverse_energy_total
2026-04-30 14:09:56,6786,FORWARD,False,FORWARD,3346,6077,16,4357,0,57,5885,1277,9176,3120,10132,1000,1000,1000,1000,False,83,1000,1000,1000,1000,False,1000,1000,10,10434,16
2026-04-30 14:45:04,12137,FORWARD,False,FORWARD,7814,6133,16,4392,0,66,5887,1270,14374,7084,19951,1000,1000,1000,1000,False,86,1000,1000,1000,1000,False,1000,1000,10,10525,16
2026-04-30 15:41:58,6231,FORWARD,False,FORWARD,10843,6209,16,4431,0,58,5884,1266,8471,8632,17074,1000,1000,1000,1000,False,99,1000,1000,1000,1000,False,1000,1000,10,10640,16
2026-04-30 16:36:24,6099,FORWARD,False,FORWARD,1067,6274,16,4462,0,58,5881,1281,8194,1082,7166,1000,1000,1000,1000,False,76,1000,1000,1000,1000,False,1000,1000,10,10736,16
2026-04-30 17:33:24,8610,FORWARD,False,FORWARD,4328,6345,16,4490,0,61,5881,1292,10897,4417,12938,1000,1000,1000,1000,False,75,1000,1000,1000,1000,False,1000,1000,10,10835,16
2026-04-30 19:24:38,5414,FORWARD,False,FORWARD,2238,6474,16,4547,0,58,5885,1301,7127,2194,7652,1000,1000,1000,1000,False,78,1000,1000,1000,1000,False,1000,1000,10,11021,16
2026-04-30 23:04:16,5383,FORWARD,False,FORWARD,2229,6672,16,4607,0,58,5884,1313,7061,2179,7612,1000,1000,1000,1000,False,77,1000,1000,1000,1000,False,1000,1000,10,11279,16
2026-05-01 01:33:57,623,FORWARD,False,FORWARD,901,6746,16,4649,0,61,5887,1318,771,968,1524,1000,1000,1000,1000,False,70,1000,1000,1000,1000,False,1000,1000,10,11395,16
2026-05-01 03:19:04,629,FORWARD,False,FORWARD,889,6757,16,4676,0,61,5890,1323,771,949,1518,1000,1000,1000,1000,False,70,1000,1000,1000,1000,False,1000,1000,10,11433,16
2026-05-01 04:48:50,632,FORWARD,False,FORWARD,571,6767,16,4698,0,61,5887,1334,769,587,1203,1000,1000,1000,1000,False,72,1000,1000,1000,1000,False,1000,1000,10,11465,16
2026-05-01 05:46:54,636,FORWARD,False,FORWARD,568,6773,16,4711,0,61,5885,1334,770,582,1204,1000,1000,1000,1000,False,73,1000,1000,1000,1000,False,1000,1000,10,11484,16
2026-05-01 06:44:29,634,FORWARD,False,FORWARD,568,6779,16,4723,0,61,5884,1330,770,589,1202,1000,1000,1000,1000,False,72,1000,1000,1000,1000,False,1000,1000,10,11502,16
2026-05-01 08:08:48,5866,FORWARD,False,FORWARD,574,6810,16,4744,0,59,5885,1330,7474,594,6440,1000,1000,1000,1000,False,72,1000,1000,1000,1000,False,1000,1000,10,11554,16
2026-05-01 09:14:33,5817,FORWARD,False,FORWARD,573,6872,16,4755,0,59,5887,1335,7379,590,6390,1000,1000,1000,1000,False,72,1000,1000,1000,1000,False,1000,1000,10,11627,16
2026-05-01 10:12:16,147,FORWARD,False,FORWARD,683,6914,16,4764,0,64,5885,1331,170,695,830,1000,1000,1000,1000,False,73,1000,1000,1000,1000,False,1000,1000,10,11678,16
2026-05-01 11:14:37,145,FORWARD,False,FORWARD,569,6915,16,4778,0,64,5887,1330,169,591,714,1000,1000,1000,1000,False,72,1000,1000,1000,1000,False,1000,1000,10,11693,16
2026-05-01 12:13:29,144,FORWARD,False,FORWARD,565,6917,16,4788,0,64,5887,1325,168,594,709,1000,1000,1000,1000,False,71,1000,1000,1000,1000,False,1000,1000,10,11705,16
2026-05-01 13:40:37,140,FORWARD,False,FORWARD,1765,6919,16,4800,0,64,5885,1322,166,1920,1905,1000,1000,1000,1000,False,69,1000,1000,1000,1000,False,1000,1000,10,11719,16
2026-05-01 14:33:32,149,FORWARD,False,FORWARD,561,6920,16,4810,0,64,5885,1320,175,583,710,1000,1000,1000,1000,False,72,1000,1000,1000,1000,False,1000,1000,10,11730,16
2026-05-01 15:30:38,135,FORWARD,False,FORWARD,582,6921,16,4820,0,67,5884,1313,152,606,717,1000,1000,1000,1000,False,73,1000,1000,1000,1000,False,1000,1000,10,11741,16
2026-05-01 16:27:58,145,FORWARD,False,FORWARD,558,6923,16,4829,0,64,5882,1316,171,577,703,1000,1000,1000,1000,False,73,1000,1000,1000,1000,False,1000,1000,10,11752,16
2026-05-01 17:28:19,644,FORWARD,False,FORWARD,561,6927,16,4840,0,61,5885,1314,794,582,1205,1000,1000,1000,1000,False,73,1000,1000,1000,1000,False,1000,1000,10,11767,16
2026-05-01 19:12:29,651,FORWARD,False,FORWARD,572,6939,16,4857,0,62,5884,1323,793,593,1223,1000,1000,1000,1000,False,72,1000,1000,1000,1000,False,1000,1000,10,11796,16
2026-05-01 22:28:12,642,FORWARD,False,FORWARD,1752,6959,16,4889,0,61,5887,1332,777,1916,2394,1000,1000,1000,1000,False,68,1000,1000,1000,1000,False,1000,1000,10,11848,16
2026-05-02 00:26:15,644,FORWARD,False,FORWARD,1723,6972,16,4909,0,61,5885,1338,776,1928,2367,1000,1000,1000,1000,False,66,1000,1000,1000,1000,False,1000,1000,10,11881,16
2026-05-02 02:07:19,639,FORWARD,False,FORWARD,571,6989,16,4925,0,61,5884,1345,766,578,1210,1000,1000,1000,1000,False,73,1000,1000,1000,1000,False,1000,1000,10,11914,16
2026-05-02 03:19:33,640,FORWARD,False,FORWARD,571,6997,16,4937,0,62,5882,1344,767,579,1211,1000,1000,1000,1000,False,73,1000,1000,1000,1000,False,1000,1000,10,11934,16
2026-05-02 04:14:09,640,FORWARD,False,FORWARD,566,7003,16,4945,0,62,5885,1344,766,572,1206,1000,1000,1000,1000,False,73,1000,1000,1000,1000,False,1000,1000,10,11948,16
2026-05-02 05:08:22,641,FORWARD,False,FORWARD,572,7009,16,4955,0,62,5884,1351,764,577,1213,1000,1000,1000,1000,False,73,1000,1000,1000,1000,False,1000,1000,10,11964,16
2026-05-02 05:56:57,643,FORWARD,False,FORWARD,572,7014,16,4963,0,62,5885,1349,765,577,1215,1000,1000,1000,1000,False,73,1000,1000,1000,1000,False,1000,1000,10,11977,16
2026-05-02 07:15:06,5465,FORWARD,False,FORWARD,1823,7068,16,4985,0,59,5882,1346,6866,1870,7288,1000,1000,1000,1000,False,72,1000,1000,1000,1000,False,1000,1000,10,12053,16
2026-05-02 08:15:48,5478,FORWARD,False,FORWARD,1968,7124,16,5003,0,59,5884,1348,6872,1959,7446,1000,1000,1000,1000,False,74,1000,1000,1000,1000,False,1000,1000,10,12127,16
2026-05-02 09:07:57,5500,FORWARD,False,FORWARD,573,7171,16,5018,0,59,5887,1345,6904,590,6073,1000,1000,1000,1000,False,72,1000,1000,1000,1000,False,1000,1000,10,12189,16
2026-05-02 09:59:39,5511,FORWARD,False,FORWARD,573,7217,16,5029,0,59,5887,1340,6950,592,6084,1000,1000,1000,1000,False,72,1000,1000,1000,1000,False,1000,1000,10,12246,16
2026-05-02 11:00:16,644,FORWARD,False,FORWARD,572,7229,16,5043,0,62,5887,1342,770,582,1216,1000,1000,1000,1000,False,73,1000,1000,1000,1000,False,1000,1000,10,12272,16
2026-05-02 11:53:48,631,FORWARD,False,FORWARD,1957,7235,16,5055,0,62,5885,1334,763,1934,2588,1000,1000,1000,1000,False,75,1000,1000,1000,1000,False,1000,1000,10,12290,16
2026-05-02 12:45:43,642,FORWARD,False,FORWARD,573,7240,16,5069,0,62,5884,1334,772,594,1215,1000,1000,1000,1000,False,72,1000,1000,1000,1000,False,1000,1000,10,12309,16
2026-05-02 13:43:53,632,FORWARD,False,FORWARD,1761,7247,16,5081,0,62,5882,1330,763,1919,2393,1000,1000,1000,1000,False,68,1000,1000,1000,1000,False,1000,1000,10,12328,16
2026-05-02 14:26:15,630,FORWARD,False,FORWARD,1948,7251,16,5092,0,62,5882,1329,764,1920,2578,1000,1000,1000,1000,False,76,1000,1000,1000,1000,False,1000,1000,10,12343,16
2026-05-02 15:08:19,640,FORWARD,False,FORWARD,566,7256,16,5103,0,62,5881,1333,773,583,1206,1000,1000,1000,1000,False,72,1000,1000,1000,1000,False,1000,1000,10,12359,16
2026-05-02 15:57:36,640,FORWARD,False,FORWARD,570,7261,16,5111,0,62,5884,1330,774,584,1210,1000,1000,1000,1000,False,73,1000,1000,1000,1000,False,1000,1000,10,12372,16
2026-05-02 16:47:20,636,FORWARD,False,FORWARD,1805,7266,16,5122,0,62,5881,1332,767,1856,2441,1000,1000,1000,1000,False,72,1000,1000,1000,1000,False,1000,1000,10,12388,16
2026-05-02 17:30:26,642,FORWARD,False,FORWARD,572,7271,16,5134,0,62,5885,1331,773,583,1214,1000,1000,1000,1000,False,73,1000,1000,1000,1000,False,1000,1000,10,12405,16
2026-05-02 18:11:10,642,FORWARD,False,FORWARD,569,7275,16,5143,0,62,5887,1338,770,576,1211,1000,1000,1000,1000,False,73,1000,1000,1000,1000,False,1000,1000,10,12418,16
2026-05-02 22:11:41,1193,FORWARD,False,FORWARD,577,7312,16,5195,0,61,5885,1344,1443,587,1770,1000,1000,1000,1000,False,73,1000,1000,1000,1000,False,1000,1000,10,12507,16
2026-05-03 00:40:56,1174,FORWARD,False,FORWARD,1890,7342,16,5225,0,61,5885,1348,1419,1907,3064,1000,1000,1000,1000,False,73,1000,1000,1000,1000,False,1000,1000,10,12567,16
